@online{btlejack,
    title = "btlejack",
    url  = "https://github.com/virtualabs/btlejack"
}
@article{DBLP:journals/corr/abs-1905-00631,
  author    = {Dennis Mantz and
               Jiska Classen and
               Matthias Schulz and
               Matthias Hollick},
  title     = {InternalBlue - Bluetooth Binary Patching and Experimentation Framework},
  journal   = {CoRR},
  volume    = {abs/1905.00631},
  year      = {2019},
  url       = {http://arxiv.org/abs/1905.00631},
  eprinttype = {arXiv},
  eprint    = {1905.00631},
  timestamp = {Wed, 03 Jul 2019 13:14:33 +0200},
  biburl    = {https://dblp.org/rec/journals/corr/abs-1905-00631.bib},
  bibsource = {dblp computer science bibliography, https://dblp.org}
}

@online{deepsec,
    title = "deepsec",
    url  = "https://www.youtube.com/watch?v=Rvzrr_jfH64"
}
@online{syzkaller,
    title = "syzkaller",
    url  = "https://github.com/google/syzkaller"
}
@online{marvel-avastar,
    title = "marvel-avastar",
    url  = "https://2018.zeronights.ru/wp-content/uploads/materials/19-Researching-Marvell-Avastar-Wi-Fi.pdf"
}
@online{afl-unicorn,
    title = "afl-unicorn",
    url  = "https://github.com/Battelle/afl-unicorn"
}
@online{TriforceAFL,
    title = "TriforceAFL",
    url  = "https://github.com/nccgroup/TriforceAFL"
}
@INPROCEEDINGS{8835363,
  author={Kim, Hongil and Lee, Jiho and Lee, Eunkyu and Kim, Yongdae},
  booktitle={2019 IEEE Symposium on Security and Privacy (SP)}, 
  title={Touching the Untouchables: Dynamic Security Analysis of the LTE Control Plane}, 
  year={2019},
  volume={},
  number={},
  pages={1153-1168},
  doi={10.1109/SP.2019.00038}}